%% This BibTeX bibliography file was created using BibDesk.
%% http://bibdesk.sourceforge.net/
%% Group 35
%% Name: Yunfan Li, Xiang Li, Zhicheng Fu

@article{knudsen2014practical,
	Author = {Jonathan Knudsen},
	Date-Added = {2015-05-17 21:52:55 +0000},
	Date-Modified = {2015-05-17 22:05:36 +0000},
	Journal = {Horizons},
	Title = {Practical Considerations Of Fuzzing: Generating Insight into Areas of Risk},
	Year = {2014}}

@article{acharya2012bridge,
	Author = {Shivani Acharya, Vidhi Pandya},
	Date-Added = {2015-05-17 08:08:08 +0000},
	Date-Modified = {2015-05-17 08:12:53 +0000},
	Journal = {International Journal of Electronics and Computer Science Enginnering},
	Pages = {175-185},
	Title = {Bridge between Black Box and White Box-Gray Box testing Technique},
	Year = {2014}}

@article{takanen2009fuzzing,
	Author = {Ari Takanen},
	Date-Added = {2015-05-17 07:26:28 +0000},
	Date-Modified = {2015-05-17 07:32:50 +0000},
	Journal = {SSTIC'09},
	Title = {Fuzzing: the Past, the Present and the Future},
	Year = {2009}}

@article{demott2006fuzzing,
	Author = {Jared Demott},
	Date-Added = {2015-05-17 07:01:58 +0000},
	Date-Modified = {2015-05-17 07:02:26 +0000},
	Journal = {DEF CON},
	Title = {The Evolving Art of Fuzzing},
	Year = {2006}}

@techreport{clarke2009fuzzing,
	Author = {Toby Clarke},
	Date-Added = {2015-05-17 07:01:14 +0000},
	Date-Modified = {2015-05-17 07:01:50 +0000},
	Institution = {Department of Mathematics, Royal Holloway, University of London},
	Month = {February},
	Title = {Fuzzing for software vulnerability discovery},
	Year = {2009}}

@book{sutton2007fuzzing,
	Author = {Michael Sutton, Adam Green, Pedram Amini},
	Date-Added = {2015-05-17 07:00:07 +0000},
	Date-Modified = {2015-05-17 07:00:58 +0000},
	Edition = {1 edition},
	Month = {July},
	Publisher = {Wesley Professional},
	Title = {FUZZING: Brute Force Vulnerability Discovery},
	Year = {2007}}

@inproceedings{godefroid2008grammar,
        Title={Grammar-based whitebox fuzzing},
        Author={Godefroid, Patrice and Kiezun, Adam and Levin, Michael Y},
        Booktitle={ACM Sigplan Notices},
        Date-Added={2015-05-16 10:52:19 +0000},
        Date-Modified={2015-05-16 11:30:29 +0000},
        Volume={43},
        Number={6},
        Pages={206--215},
        Year={2008},
        Organization={ACM}}

@book{rathaus2011open,
  title={Open source fuzzing tools},
  author={Rathaus, Noam and Evron, Gadi},
  year={2011},
  publisher={Syngress}}

@book{love2010linux,
  title={Linux kernel development},
  author={Love, Robert},
  year={2010},
  publisher={Pearson Education}}